@article{MOT16,
	title = {{MOT}16: {A} Benchmark for Multi-Object Tracking},
	shorttitle = {MOT16},
	url = {http://arxiv.org/abs/1603.00831},
	journal = {arXiv:1603.00831 [cs]},
	author = {Milan, A. and Leal-Taix\'{e}, L. and Reid, I. and Roth, S. and Schindler, K.},
	month = mar,
	year = {2016},
	note = {arXiv: 1603.00831},
	keywords = {Computer Science - Computer Vision and Pattern Recognition}
}

@article{zhuvisdrone2018,
     title={Vision Meets Drones: A Challenge},
    author={Zhu, Pengfei and Wen, Longyin and Bian, Xiao and Haibin, Ling and Hu, Qinghua},
    journal={arXiv preprint arXiv:1804.07437},
   year={2018}

}